%% This BibTeX bibliography file was created using BibDesk.
%% http://bibdesk.sourceforge.net/

%% Created for Steven at 2016-07-26 15:37:20 +0100 


%% Saved with string encoding Unicode (UTF-8) 



@inproceedings{bernabeu2015characterization,
	Author = {Bernabeu, Miguel O and Lu, Yang and Lammer, Jan and Aiello, Lloyd P and Coveney, Peter V and Sun, Jennifer K},
	Booktitle = {2015 37th Annual International Conference of the IEEE Engineering in Medicine and Biology Society (EMBC)},
	Date-Added = {2016-07-26 14:25:41 +0000},
	Date-Modified = {2016-07-26 14:25:53 +0000},
	Keywords = {HemeLB paper},
	Organization = {IEEE},
	Pages = {8070--8073},
	Title = {Characterization of parafoveal hemodynamics associated with diabetic retinopathy with adaptive optics scanning laser ophthalmoscopy and computational fluid dynamics},
	Year = {2015}}

@article{franco2015dynamic,
	Author = {Franco, Claudio A and Jones, Martin L and Bernabeu, Miguel O and Geudens, Ilse and Mathivet, Thomas and Rosa, Andre and Lopes, Felicia M and Lima, Aida P and Ragab, Anan and Collins, Russell T and others},
	Date-Added = {2016-07-26 14:24:59 +0000},
	Date-Modified = {2016-07-26 14:25:07 +0000},
	Journal = {PLoS Biol},
	Keywords = {HemeLB paper},
	Number = {4},
	Pages = {e1002125},
	Publisher = {Public Library of Science},
	Title = {Dynamic endothelial cell rearrangements drive developmental vessel regression},
	Volume = {13},
	Year = {2015}}

@article{franco2016non,
	Author = {Franco, Claudio A and Jones, Martin L and Bernabeu, Miguel O and Vion, Anne-Clemence and Barbacena, Pedro and Fan, Jieqing and Mathivet, Thomas and Fonseca, Catarina G and Ragab, Anan and Yamaguchi, Terry P and others},
	Date-Added = {2016-07-26 14:23:24 +0000},
	Date-Modified = {2016-07-26 14:23:33 +0000},
	Journal = {Elife},
	Keywords = {HemeLB paper},
	Pages = {e07727},
	Publisher = {eLife Sciences Publications Limited},
	Title = {Non-canonical Wnt signalling modulates the endothelial shear stress flow sensor in vascular remodelling},
	Volume = {5},
	Year = {2016}}

@article{mazzeo2008hemelb,
	Author = {Mazzeo, Marco D and Coveney, Peter V},
	Date-Added = {2016-07-26 13:58:18 +0000},
	Date-Modified = {2016-07-26 13:58:25 +0000},
	Journal = {Computer Physics Communications},
	Keywords = {HemeLB paper},
	Number = {12},
	Pages = {894--914},
	Publisher = {Elsevier},
	Title = {HemeLB: A high performance parallel lattice-Boltzmann code for large scale fluid flow in complex geometries},
	Volume = {178},
	Year = {2008}}

@mastersthesis{Steven:2016aa,
	Author = {Steven Steven},
	Date-Added = {2016-07-26 13:32:32 +0000},
	Date-Modified = {2016-07-26 13:33:33 +0000},
	Keywords = {IRP},
	Month = {April},
	School = {University of Edinburgh},
	Title = {HemeWeb: Container based high performance computing scenario in cloud infrastructure for HemeLB},
	Type = {Informatics Research Proposal},
	Year = {2016}}

@article{itani2015automated,
	Author = {Itani, Mohamed A and Schiller, Ulf D and Schmieschek, Sebastian and Hetherington, James and Bernabeu, Miguel O and Chandrashekar, Hoskote and Robertson, Fergus and Coveney, Peter V and Groen, Derek},
	Date-Added = {2016-07-26 11:17:46 +0000},
	Date-Modified = {2016-07-26 13:41:42 +0000},
	Journal = {Journal of Computational Science},
	Keywords = {HemeLB paper},
	Pages = {150--155},
	Publisher = {Elsevier},
	Title = {An automated multiscale ensemble simulation approach for vascular blood flow},
	Volume = {9},
	Year = {2015}}
